@article{calinescu2024online,
  title={Online flexible busy time scheduling on heterogeneous machines},
  author={Calinescu, Gruia and Davies, Sami and Khuller, Samir and Zhang, Shirley},
  journal={arXiv preprint arXiv:2402.11109},
  year={2024}
}

@article{kim2003non,
  title={Non-clairvoyant scheduling for weighted flow time},
  author={Kim, Jae-Hoon and Chwa, Kyung-Yong},
  journal={Information processing letters},
  volume={87},
  number={1},
  pages={31--37},
  year={2003},
  publisher={Elsevier}
}

@article{kleinrock1964analysis,
  title={Analysis of A time-shared processor},
  author={Kleinrock, Leonard},
  journal={Naval research logistics quarterly},
  volume={11},
  number={1},
  pages={59--73},
  year={1964},
  publisher={Wiley Online Library}
}

@article{motwani1994nonclairvoyant,
  title={Nonclairvoyant scheduling},
  author={Motwani, Rajeev and Phillips, Steven and Torng, Eric},
  journal={Theoretical computer science},
  volume={130},
  number={1},
  pages={17--47},
  year={1994},
  publisher={Elsevier}
}

@article{jager2025competitive,
  title={Competitive kill-and-restart and preemptive strategies for non-clairvoyant scheduling},
  author={J{\"a}ger, Sven and Sagnol, Guillaume and Schmidt genannt Waldschmidt, Daniel and Warode, Philipp},
  journal={Mathematical Programming},
  volume={210},
  number={1},
  pages={457--509},
  year={2025},
  publisher={Springer}
}

@article{epstein2016benefit,
  title={The benefit of preemption for single machine scheduling so as to minimize total weighted completion time},
  author={Epstein, Leah and Levin, Asaf},
  journal={Operations Research Letters},
  volume={44},
  number={6},
  pages={772--774},
  year={2016},
  publisher={Elsevier}
}

@article{sitters2010competitive,
  title={Competitive analysis of preemptive single-machine scheduling},
  author={Sitters, Ren{\'e}},
  journal={Operations Research Letters},
  volume={38},
  number={6},
  pages={585--588},
  year={2010},
  publisher={Elsevier}
}

@article{vepsalainen1987priority,
  title={Priority rules for job shops with weighted tardiness costs},
  author={Vepsalainen, Ari PJ and Morton, Thomas E},
  journal={Management science},
  volume={33},
  number={8},
  pages={1035--1047},
  year={1987},
  publisher={INFORMS}
}

@article{lee1997heuristic,
  title={A heuristic to minimize the total weighted tardiness with sequence-dependent setups},
  author={Lee, Young Hoon and Bhaskaran, Kumar and Pinedo, Michael},
  journal={IIE transactions},
  volume={29},
  number={1},
  pages={45--52},
  year={1997},
  publisher={Taylor \& Francis}
}

@article{keyvanshokooh2021online,
  title={Online advance scheduling with overtime: A primal-dual approach},
  author={Keyvanshokooh, Esmaeil and Shi, Cong and Van Oyen, Mark P},
  journal={Manufacturing \& Service Operations Management},
  volume={23},
  number={1},
  pages={246--266},
  year={2021},
  publisher={INFORMS}
}
