@inproceedings{n2017don,
  title={Don’t hurry be happy: A deadline-based backfilling approach},
  author={N’takp{\'e}, Tchimou and Suter, Fr{\'e}d{\'e}ric},
  booktitle={Workshop on Job Scheduling Strategies for Parallel Processing},
  pages={62--82},
  year={2017},
  organization={Springer}
}

@article{koulamas2010single,
  title={The single-machine total tardiness scheduling problem: Review and extensions},
  author={Koulamas, Christos},
  journal={European journal of operational research},
  volume={202},
  number={1},
  pages={1--7},
  year={2010},
  publisher={Elsevier}
}

@article{du1990minimizing,
  title={Minimizing total tardiness on one machine is NP-hard},
  author={Du, Jianzhong and Leung, Joseph Y-T},
  journal={Mathematics of operations research},
  volume={15},
  number={3},
  pages={483--495},
  year={1990},
  publisher={INFORMS}
}

@incollection{lawler1977pseudopolynomial,
  title={A “pseudopolynomial” algorithm for sequencing jobs to minimize total tardiness},
  author={Lawler, Eugene L},
  booktitle={Annals of discrete Mathematics},
  volume={1},
  pages={331--342},
  year={1977},
  publisher={Elsevier}
}

@inproceedings{lazarev2004solution,
  title={Solution algorithms for the total tardiness scheduling problem on a single machine},
  author={Lazarev, Alexander and Kvaratskhelia, Alexander and Tchernykh, Andrei},
  booktitle={Workshop Proceedings of the ENC},
  volume={4},
  pages={474--480},
  year={2004}
}

@article{emmons1969one,
  title={One-machine sequencing to minimize certain functions of job tardiness},
  author={Emmons, Hamilton},
  journal={Operations Research},
  volume={17},
  number={4},
  pages={701--715},
  year={1969},
  publisher={INFORMS}
}

@article{kanet2007new,
  title={New precedence theorems for one-machine weighted tardiness},
  author={Kanet, John J},
  journal={Mathematics of Operations Research},
  volume={32},
  number={3},
  pages={579--588},
  year={2007},
  publisher={INFORMS}
}

@article{gafarov2006special,
  title={A special case of the single-machine total tardiness problem is NP-hard},
  author={Gafarov, ER and Lazarev, AA},
  journal={Journal of Computer and Systems Sciences International},
  volume={45},
  number={3},
  pages={450--458},
  year={2006},
  publisher={Springer}
}

@article{lazarev2007solution,
  title={Solution of the NP-hard total tardiness minimization problem in scheduling theory},
  author={Lazarev, Alexander Alekseevich},
  journal={Computational Mathematics and Mathematical Physics},
  volume={47},
  number={6},
  pages={1039--1049},
  year={2007},
  publisher={Springer}
}

@article{pessoa2022exact,
  title={Exact approaches for single machine total weighted tardiness batch scheduling},
  author={Pessoa, Artur Alves and Bulh{\~o}es, Teobaldo and Nesello, Vitor and Subramanian, Anand},
  journal={INFORMS Journal on Computing},
  volume={34},
  number={3},
  pages={1512--1530},
  year={2022},
  publisher={INFORMS}
}

@inproceedings{sun2022w,
  title={W-prize-collecting scheduling problem on a single machine},
  author={Sun, Ruiqing and Deng, Bin},
  booktitle={proceedings of the 2022 6th international conference on computer science and artificial intelligence},
  pages={237--242},
  year={2022}
}

@article{liu2020approximation,
  title={Approximation algorithm for the single machine scheduling problem with release dates and submodular rejection penalty},
  author={Liu, Xiaofei and Li, Weidong},
  journal={Mathematics},
  volume={8},
  number={1},
  pages={133},
  year={2020},
  publisher={MDPI}
}

@article{kuhn2024scheduling,
  title={Scheduling a single machine with multiple due dates per job},
  author={K{\"u}hn, Raphael and Wei{\ss}, Christian and Ackermann, Heiner and Heydrich, Sandy},
  journal={Journal of Scheduling},
  volume={27},
  number={6},
  pages={565--585},
  year={2024},
  publisher={Springer}
}

@article{grotschel1981ellipsoid,
  title={The ellipsoid method and its consequences in combinatorial optimization},
  author={Gr{\"o}tschel, Martin and Lov{\'a}sz, L{\'a}szl{\'o} and Schrijver, Alexander},
  journal={Combinatorica},
  volume={1},
  number={2},
  pages={169--197},
  year={1981},
  publisher={Springer}
}

@article{martel1982preemptive,
  title={Preemptive scheduling with release times, deadlines, and due times},
  author={Martel, Charles},
  journal={Journal of the ACM},
  volume={29},
  number={3},
  pages={812--829},
  year={1982},
  publisher={ACM}
}

@article{lawler1990dynamic,
  title={A dynamic programming algorithm for preemptive scheduling of a single machine to minimize the number of late jobs},
  author={Lawler, Eugene L},
  journal={Annals of Operations Research},
  volume={26},
  number={1-4},
  pages={125--133},
  year={1990},
  publisher={Springer}
}

@inproceedings{chen2011optimal,
  title={Optimal deadline scheduling with commitment},
  author={Chen, Songwu and Tong, Lang and He, Tian},
  booktitle={49th Annual Allerton Conference on Communication, Control, and Computing (Allerton)},
  pages={528--535},
  year={2011},
  organization={IEEE}
}

@article{hoogeveen1997scheduling,
  title={Scheduling and logistics},
  author={Hoogeveen, Han and van de Velde, Steef},
  journal={OR Spektrum},
  volume={19},
  number={2},
  pages={89--94},
  year={1997},
  publisher={Springer}
}

@article{levin2023weighted,
  title={Weighted throughput in single machine preemptive scheduling with continuous controllable processing times},
  author={Levin, Asaf and Shusterman, Tomer},
  journal={Acta Informatica},
  volume={60},
  pages={225--248},
  year={2023},
  publisher={Springer}
}

@article{cordone2017branch,
  title={A branch-and-bound algorithm for the prize-collecting single-machine scheduling problem},
  author={Cordone, Roberto and Passeri, Stefania},
  journal={INFORMS Journal on Computing},
  volume={29},
  number={4},
  pages={633--646},
  year={2017},
  publisher={INFORMS}
}

@article{nobibon2011exact,
  title={Exact algorithms for a generalization of the order acceptance and scheduling problem},
  author={Nobibon, Fidan T and Leus, Roel},
  journal={Computers \& Operations Research},
  volume={38},
  number={1},
  pages={367--378},
  year={2011},
  publisher={Elsevier}
}

@incollection{anderson1997machine,
  title={Machine scheduling},
  author={Anderson, Edward J and Glass, Catherine A and Potts, Chris N},
  booktitle={Local Search in Combinatorial Optimization},
  pages={361--414},
  year={1997},
  publisher={Princeton University Press}
}

@article{corsini2025self,
  title={A self-adaptive metaheuristic to minimize total weighted tardiness for single-machine scheduling},
  author={Corsini, Riccardo R and Fichera, Valerio and Longo, Luca},
  journal={Journal of Industrial and Management Optimization},
  volume={21},
  number={2},
  pages={387--408},
  year={2025},
  publisher={AIMS Press}
}